% This file was created with JabRef 2.10.
% Encoding: Cp1252


@Article{bland1986statistical,
  Title                    = {Statistical methods for assessing agreement between two methods of clinical measurement},
  Author                   = {Bland, J. M. and Altman, D. G.},
  Journal                  = {The Lancet},
  Year                     = {1986},
  Number                   = {8476},
  Pages                    = {307--310},
  Volume                   = {327},

  Date-added               = {2015-02-16 14:52:35 +0000},
  Date-modified            = {2015-03-30 20:29:14 +0000},
  Owner                    = {MYang5},
  Publisher                = {Elsevier},
  Timestamp                = {2016.11.16}
}

@Article{brooks1998general,
  Title                    = {General methods for monitoring convergence of iterative simulations},
  Author                   = {Brooks, Stephen P and Gelman, Andrew},
  Journal                  = {Journal of computational and graphical statistics},
  Year                     = {1998},
  Number                   = {4},
  Pages                    = {434--455},
  Volume                   = {7},

  Owner                    = {MYang5},
  Publisher                = {Taylor \& Francis},
  Timestamp                = {2016.11.15}
}

@Article{farcomeni2015longitudinal,
  Title                    = {Longitudinal quantile regression in the presence of informative dropout through longitudinal--survival joint modeling},
  Author                   = {Farcomeni, A. and Viviani, S.},
  Journal                  = {Statistics in Medicine},
  Year                     = {2015},
  Number                   = {7},
  Pages                    = {1199--1213},
  Volume                   = {34},

  Owner                    = {MYang5},
  Publisher                = {Wiley Online Library},
  Timestamp                = {2016.02.09}
}

@Article{geraci2013linear,
  Title                    = {Linear quantile mixed models},
  Author                   = {Geraci, Marco and Bottai, Matteo},
  Journal                  = {Statistics and Computing},
  Year                     = {2014},
  Number                   = {3},
  Pages                    = {461--479},
  Volume                   = {24},

  Date-added               = {2016-11-11 07:04:32 +0000},
  Date-modified            = {2016-11-11 07:07:20 +0000},
  Owner                    = {MYang5},
  Publisher                = {Springer},
  Timestamp                = {2016.11.16}
}

@Article{geraci2007quantile,
  Title                    = {Quantile regression for longitudinal data using the asymmetric Laplace distribution},
  Author                   = {Geraci, M. and Bottai, M.},
  Journal                  = {Biostatistics},
  Year                     = {2007},
  Number                   = {1},
  Pages                    = {140--154},
  Volume                   = {8},

  Date-added               = {2014-10-27 14:17:42 +0000},
  Date-modified            = {2014-10-27 14:17:42 +0000},
  Owner                    = {MYang5},
  Publisher                = {Biometrika Trust},
  Timestamp                = {2016.11.16}
}

@Book{koenker2005quantile,
  Title                    = {Quantile Regression},
  Author                   = {Koenker, R.},
  Publisher                = {Cambridge University Press},
  Year                     = {2005},

  Date-added               = {2014-10-27 14:17:42 +0000},
  Date-modified            = {2014-10-27 14:17:42 +0000},
  Owner                    = {MYang5},
  Timestamp                = {2016.11.16}
}

@Article{koenker2004quantile,
  Title                    = {Quantile regression for longitudinal data},
  Author                   = {Koenker, R.},
  Journal                  = {Journal of Multivariate Analysis},
  Year                     = {2004},
  Number                   = {1},
  Pages                    = {74--89},
  Volume                   = {91},

  Date-added               = {2014-10-27 14:17:42 +0000},
  Date-modified            = {2014-10-27 14:17:42 +0000},
  Owner                    = {MYang5},
  Publisher                = {Elsevier},
  Timestamp                = {2016.11.16}
}

@Article{koenker1978regression,
  Title                    = {Regression Quantiles},
  Author                   = {Koenker, Roger and Basset, G},
  Journal                  = {Econometrica},
  Year                     = {1978},
  Number                   = {1},
  Pages                    = {33--50},
  Volume                   = {46},

  Date-added               = {2016-11-11 07:12:03 +0000},
  Date-modified            = {2016-11-11 07:12:03 +0000},
  Owner                    = {MYang5},
  Timestamp                = {2016.11.16}
}

@Article{koenker2001quantile,
  Title                    = {Quantile regression: An introduction},
  Author                   = {Koenker, R. and Hallock, K.},
  Journal                  = {Journal of Economic Perspectives},
  Year                     = {2001},
  Number                   = {4},
  Pages                    = {43--56},
  Volume                   = {15},

  Date-added               = {2015-02-05 04:09:49 +0000},
  Date-modified            = {2015-02-05 04:09:49 +0000},
  Owner                    = {myang5},
  Timestamp                = {2016.03.21}
}

@Article{koenker1999goodness,
  Title                    = {Goodness of fit and related inference processes for quantile regression},
  Author                   = {Koenker, R. and Machado, J. A.},
  Journal                  = {Journal of the American Statistical Association},
  Year                     = {1999},
  Number                   = {448},
  Pages                    = {1296--1310},
  Volume                   = {94},

  Date-added               = {2014-10-27 14:17:42 +0000},
  Date-modified            = {2014-10-27 14:17:42 +0000},
  Owner                    = {MYang5},
  Publisher                = {Taylor \& Francis Group},
  Timestamp                = {2016.11.16}
}

@Book{kotz2001laplace,
  Title                    = {The Laplace Distribution And Generalizations: A Revisit with Applications to Communications, Economics, Engineering, And Finance},
  Author                   = {Kotz, Samuel and Kozubowski, Tomasz and Podgorski, Krzysztof},
  Publisher                = {Springer Science \& Business Media},
  Year                     = {2012},

  Date-added               = {2016-11-11 07:00:04 +0000},
  Date-modified            = {2016-11-11 07:02:26 +0000},
  Owner                    = {MYang5},
  Timestamp                = {2016.11.16}
}

@Article{kozumi2011gibbs,
  Title                    = {Gibbs sampling methods for Bayesian quantile regression},
  Author                   = {Kozumi, H. and Kobayashi, G.},
  Journal                  = {Journal of Statistical Computation and Simulation},
  Year                     = {2011},
  Number                   = {11},
  Pages                    = {1565--1578},
  Volume                   = {81},

  Date-added               = {2014-10-27 14:17:42 +0000},
  Date-modified            = {2014-10-27 14:17:42 +0000},
  Owner                    = {MYang5},
  Publisher                = {Taylor \& Francis},
  Timestamp                = {2016.11.16}
}

@Article{laird1982random,
  Title                    = {Random-effects models for longitudinal data.},
  Author                   = {Laird, NM and Ware, JH},
  Journal                  = {Biometrics},
  Year                     = {1982},
  Number                   = {4},
  Pages                    = {963--974},
  Volume                   = {38},

  Owner                    = {MYang5},
  Timestamp                = {2016.11.11}
}

@Article{paulsen2006preparing,
  Title                    = {Preparing for preventive clinical trials: the Predict-HD study},
  Author                   = {Paulsen, J. S. and Hayden, M. and Stout, J. C. and Langbehn, D. R. and Aylward, E. and Ross, C. A. and Guttman, M. and Nance, M. and Kieburtz, K. and Oakes, D. and others},
  Journal                  = {Archives of Neurology},
  Year                     = {2006},
  Number                   = {6},
  Pages                    = {883--890},
  Volume                   = {63},

  Owner                    = {MYang5},
  Publisher                = {American Medical Association},
  Timestamp                = {2016.01.11}
}

@Article{paulsen2008detection,
  Title                    = {Detection of Huntington's disease decades before diagnosis: the Predict-HD study},
  Author                   = {Paulsen, J. S. and Langbehn, D. R. and Stout, J. C. and Aylward, E. and Ross, C. A. and Nance, M. and Guttman, M. and Johnson, S. and MacDonald, M and Beglinger, L. J. and others},
  Journal                  = {Journal of Neurology, Neurosurgery \& Psychiatry},
  Year                     = {2008},
  Number                   = {8},
  Pages                    = {874--880},
  Volume                   = {79},

  Owner                    = {MYang5},
  Publisher                = {BMJ Publishing Group Ltd},
  Timestamp                = {2016.01.11}
}

@Article{paulsen2014prediction,
  Title                    = {Prediction of manifest Huntington's disease with clinical and imaging measures: a prospective observational study},
  Author                   = {Paulsen, J. S. and Long, J. D. and Ross, C. A. and Harrington, D. L. and Erwin, C. J. and Williams, J. K. and Westervelt, H. J. and Johnson, H. J. and Aylward, E. H. and Zhang, Y. and others},
  Journal                  = {The Lancet Neurology},
  Year                     = {2014},
  Number                   = {12},
  Pages                    = {1193--1201},
  Volume                   = {13},

  Owner                    = {MYang5},
  Publisher                = {Elsevier},
  Timestamp                = {2016.01.11}
}

@Article{pepe2008comments,
  Title                    = {Comments on `Evaluating the added predictive ability of a new marker: From area under the ROC curve to reclassification and beyond'by MJ Pencina et al., Statistics in Medicine},
  Author                   = {Pepe, M. S. and Feng, Z. and Gu, J. W.},
  Journal                  = {Statistics in Medicine},
  Year                     = {2008},
  Number                   = {2},
  Pages                    = {173--181},
  Volume                   = {27},

  Date-added               = {2016-01-23 22:13:36 +0000},
  Date-modified            = {2016-01-23 22:13:36 +0000},
  Owner                    = {MYang5},
  Publisher                = {Wiley Online Library},
  Timestamp                = {2016.11.16}
}

@InProceedings{plummer2003jags,
  Title                    = {JAGS: A program for analysis of Bayesian graphical models using Gibbs sampling},
  Author                   = {Plummer, Martyn},
  Booktitle                = {Proceedings of the 3rd international workshop on distributed statistical computing},
  Year                     = {2003},
  Organization             = {Vienna},
  Pages                    = {125},
  Volume                   = {124},

  Owner                    = {MYang5},
  Timestamp                = {2016.11.16}
}

@Article{rizopoulos2011dynamic,
  Title                    = {Dynamic predictions and prospective accuracy in joint models for longitudinal and time-to-event data},
  Author                   = {Rizopoulos, D.},
  Journal                  = {Biometrics},
  Year                     = {2011},
  Number                   = {3},
  Pages                    = {819--829},
  Volume                   = {67},

  Date-added               = {2015-01-15 23:19:40 +0000},
  Date-modified            = {2015-01-15 23:19:40 +0000},
  Owner                    = {MYang5},
  Publisher                = {Wiley Online Library},
  Timestamp                = {2016.11.16}
}

@Article{rizopoulos2014combining,
  Title                    = {Combining dynamic predictions from joint models for longitudinal and time-to-event data using Bayesian model averaging},
  Author                   = {Rizopoulos, D. and Hatfield, L. A. and Carlin, B. P. and Takkenberg, J. J. M.},
  Journal                  = {Journal of the American Statistical Association},
  Year                     = {2014},
  Number                   = {508},
  Pages                    = {1385--1397},
  Volume                   = {109},

  Owner                    = {MYang5},
  Publisher                = {Taylor \& Francis},
  Timestamp                = {2016.11.16}
}

@InCollection{self1992modeling,
  Title                    = {Modeling a marker of disease progression and onset of disease},
  Author                   = {Self, S. and Pawitan, Y.},
  Booktitle                = {AIDS Epidemiology},
  Publisher                = {Springer},
  Year                     = {1992},
  Pages                    = {231--255},

  Owner                    = {MYang5},
  Timestamp                = {2016.11.16}
}

@Article{taylor2013real,
  Title                    = {Real-time individual predictions of prostate cancer recurrence using joint models},
  Author                   = {Taylor, J. M. G. and Park, Y. and Ankerst, D. P. and Proust-Lima, C. and Williams, S. and Kestin, L. and Bae, K. and Pickles, T. and Sandler, H.},
  Journal                  = {Biometrics},
  Year                     = {2013},
  Number                   = {1},
  Pages                    = {206--213},
  Volume                   = {69},

  Date-added               = {2015-01-15 23:21:15 +0000},
  Date-modified            = {2015-01-15 23:21:15 +0000},
  Owner                    = {MYang5},
  Publisher                = {Wiley Online Library},
  Timestamp                = {2016.11.16}
}

@Article{tsiatis2004joint,
  Title                    = {Joint modeling of longitudinal and time-to-event data: an overview},
  Author                   = {Tsiatis, A. A. and Davidian, M.},
  Journal                  = {Statistica Sinica},
  Year                     = {2004},
  Number                   = {3},
  Pages                    = {809--834},
  Volume                   = {14},

  Owner                    = {MYang5},
  Publisher                = {C/O DR HC HO, INST STATISTICAL SCIENCE, ACADEMIA SINICA, TAIPEI 115, TAIWAN},
  Timestamp                = {2016.11.16}
}

@Article{tsiatis1995modeling,
  Title                    = {Modeling the relationship of survival to longitudinal data measured with error. Applications to survival and CD4 counts in patients with AIDS},
  Author                   = {Tsiatis, A. A. and Degruttola, V. and Wulfsohn, M. S.},
  Journal                  = {Journal of the American Statistical Association},
  Year                     = {1995},
  Number                   = {429},
  Pages                    = {27--37},
  Volume                   = {90},

  Date-added               = {2015-01-15 21:55:38 +0000},
  Date-modified            = {2015-01-15 21:55:38 +0000},
  Owner                    = {MYang5},
  Publisher                = {Taylor \& Francis Group},
  Timestamp                = {2016.11.16}
}

@Article{yang2015prediction,
  Title                    = {Prediction of coronary artery disease risk based on multiple longitudinal biomarkers.},
  Author                   = {Yang, L and Yu, M and Gao, S},
  Journal                  = {Statistics in Medicine},
  Year                     = {2016},
  Number                   = {8},
  Pages                    = {1299--1314},
  Volume                   = {35},

  Date-added               = {2016-11-11 06:52:57 +0000},
  Date-modified            = {2016-11-11 06:52:57 +0000},
  Owner                    = {MYang5},
  Timestamp                = {2016.11.16}
}

@Article{yu2001bayesian,
  Title                    = {Bayesian quantile regression},
  Author                   = {Yu, K. and Moyeed, R. A.},
  Journal                  = {Statistics \& Probability Letters},
  Year                     = {2001},
  Number                   = {4},
  Pages                    = {437--447},
  Volume                   = {54},

  Date-added               = {2014-10-27 14:17:42 +0000},
  Date-modified            = {2014-10-27 14:17:42 +0000},
  Owner                    = {MYang5},
  Publisher                = {Elsevier},
  Timestamp                = {2016.11.16}
}

@Article{zheng2013adopting,
  Title                    = {Adopting nested case--control quota sampling designs for the evaluation of risk markers},
  Author                   = {Zheng, Y. and Cai, T. and Pepe, M. S.},
  Journal                  = {Lifetime Data Analysis},
  Year                     = {2013},
  Number                   = {4},
  Pages                    = {568--588},
  Volume                   = {19},

  Date-added               = {2016-01-23 21:26:07 +0000},
  Date-modified            = {2016-01-23 21:26:07 +0000},
  Owner                    = {MYang5},
  Publisher                = {Springer},
  Timestamp                = {2016.11.16}
}

