% This file was created with JabRef 2.10.
% Encoding: Cp1252


@Article{bland1986statistical,
  Title                    = {Statistical methods for assessing agreement between two methods of clinical measurement},
  Author                   = {Bland, J Martin and Altman, Douglas G},
  Journal                  = {The Lancet},
  Year                     = {1986},
  Number                   = {8476},
  Pages                    = {307--310},
  Volume                   = {327},

  Date-added               = {2015-02-16 14:52:35 +0000},
  Date-modified            = {2015-03-30 20:29:14 +0000},
  Owner                    = {myang5},
  Publisher                = {Elsevier},
  Timestamp                = {2016.04.21}
}

@Article{efendi2013joint,
  Title                    = {A joint model for longitudinal continuous and time-to-event outcomes with direct marginal interpretation},
  Author                   = {Efendi, Achmad and Molenberghs, Geert and Njagi, Edmund Njeru and Dendale, Paul},
  Journal                  = {Biometrical Journal},
  Year                     = {2013},
  Number                   = {4},
  Pages                    = {572--588},
  Volume                   = {55},

  Owner                    = {MYang5},
  Publisher                = {Wiley Online Library},
  Timestamp                = {2016.10.19}
}

@Article{farcomeni2015longitudinal,
  Title                    = {Longitudinal quantile regression in the presence of informative dropout through longitudinal--survival joint modeling},
  Author                   = {Farcomeni, Alessio and Viviani, Sara},
  Journal                  = {Statistics in Medicine},
  Year                     = {2015},
  Number                   = {7},
  Pages                    = {1199--1213},
  Volume                   = {34},

  Owner                    = {MYang5},
  Publisher                = {Wiley Online Library},
  Timestamp                = {2016.02.09}
}

@Article{henderson2000joint,
  Title                    = {Joint modelling of longitudinal measurements and event time data},
  Author                   = {Henderson, Robin and Diggle, Peter and Dobson, Angela},
  Journal                  = {Biostatistics},
  Year                     = {2000},
  Number                   = {4},
  Pages                    = {465--480},
  Volume                   = {1},

  Owner                    = {MYang5},
  Publisher                = {Biometrika Trust},
  Timestamp                = {2016.08.17}
}

@Article{kim2012joint,
  Title                    = {Joint models of longitudinal data and recurrent events with informative terminal event},
  Author                   = {Kim, Sehee and Zeng, Donglin and Chambless, Lloyd and Li, Yi},
  Journal                  = {Statistics in biosciences},
  Year                     = {2012},
  Number                   = {2},
  Pages                    = {262--281},
  Volume                   = {4},

  Owner                    = {MYang5},
  Publisher                = {Springer},
  Timestamp                = {2016.08.17}
}

@Article{koenker2001quantile,
  Title                    = {Quantile regression: An introduction},
  Author                   = {Koenker, Roger and Hallock, Kevin},
  Journal                  = {Journal of Economic Perspectives},
  Year                     = {2001},
  Number                   = {4},
  Pages                    = {43--56},
  Volume                   = {15},

  Date-added               = {2015-02-05 04:09:49 +0000},
  Date-modified            = {2015-02-05 04:09:49 +0000},
  Owner                    = {myang5},
  Timestamp                = {2016.03.21}
}

@Article{koenker1999goodness,
  Title                    = {Goodness of fit and related inference processes for quantile regression},
  Author                   = {Koenker, Roger and Machado, Jose AF},
  Journal                  = {Journal of the American Statistical Association},
  Year                     = {1999},
  Number                   = {448},
  Pages                    = {1296--1310},
  Volume                   = {94},

  Date-added               = {2014-10-27 14:17:42 +0000},
  Date-modified            = {2014-10-27 14:17:42 +0000},
  Owner                    = {myang5},
  Publisher                = {Taylor \& Francis Group},
  Timestamp                = {2016.04.21}
}

@Article{koenker1996interior,
  Title                    = {An interior point algorithm for nonlinear quantile regression},
  Author                   = {Koenker, Roger and Park, Beum J},
  Journal                  = {Journal of Econometrics},
  Year                     = {1996},
  Number                   = {1},
  Pages                    = {265--283},
  Volume                   = {71},

  Date-added               = {2016-10-19 09:51:13 +0000},
  Date-modified            = {2016-10-19 09:51:13 +0000},
  Publisher                = {Elsevier}
}

@Article{koenker2006quantile,
  Title                    = {Quantile autoregression},
  Author                   = {Koenker, Roger and Xiao, Zhijie},
  Journal                  = {Journal of the American Statistical Association},
  Year                     = {2006},
  Number                   = {475},
  Pages                    = {980--990},
  Volume                   = {101},

  Date-added               = {2014-10-27 14:17:42 +0000},
  Date-modified            = {2014-10-27 14:17:42 +0000},
  Owner                    = {myang5},
  Publisher                = {Taylor \& Francis},
  Timestamp                = {2016.04.21}
}

@Book{kotz2001laplace,
  Title                    = {The Laplace Distribution And Generalizations: A Revisit with Applications to Communications, Economics, Engineering, And Finance},
  Author                   = {Kotz, Samuel and Kozubowski, Tomasz and Podgorski, Krzysztof},
  Publisher                = {Springer Science \& Business Media},
  Year                     = {2012},

  Date-added               = {2016-11-11 07:03:30 +0000},
  Date-modified            = {2016-11-11 07:03:30 +0000}
}

@Article{kozumi2011gibbs,
  Title                    = {Gibbs sampling methods for Bayesian quantile regression},
  Author                   = {Kozumi, Hideo and Kobayashi, Genya},
  Journal                  = {Journal of Statistical Computation and Simulation},
  Year                     = {2011},
  Number                   = {11},
  Pages                    = {1565--1578},
  Volume                   = {81},

  Date-added               = {2014-10-27 14:17:42 +0000},
  Date-modified            = {2014-10-27 14:17:42 +0000},
  Owner                    = {myang5},
  Publisher                = {Taylor \& Francis},
  Timestamp                = {2016.04.21}
}

@Article{laird1982random,
  Title                    = {Random-effects models for longitudinal data.},
  Author                   = {Laird, NM and Ware, JH},
  Journal                  = {Biometrics},
  Year                     = {1982},
  Number                   = {4},
  Pages                    = {963--974},
  Volume                   = {38},

  Owner                    = {MYang5},
  Timestamp                = {2016.11.11}
}

@TechReport{le2005nonparametric,
  Title                    = {Nonparametric quantile regression},
  Author                   = {Le, Quoc V and Sears, Tim and Smola, Alexander J},
  Institution              = {Technical report, National ICT Australia, June 2005.},
  Year                     = {2005},

  Date-added               = {2016-10-19 09:48:13 +0000},
  Date-modified            = {2016-10-19 09:48:13 +0000}
}

@Article{luo2012bayesian,
  Title                    = {Bayesian quantile regression for longitudinal data models},
  Author                   = {Luo, Youxi and Lian, Heng and Tian, Maozai},
  Journal                  = {Journal of Statistical Computation and Simulation},
  Year                     = {2012},
  Number                   = {11},
  Pages                    = {1635--1649},
  Volume                   = {82},

  Date-added               = {2014-10-27 14:17:42 +0000},
  Date-modified            = {2014-10-27 14:17:42 +0000},
  Owner                    = {myang5},
  Publisher                = {Taylor \& Francis},
  Timestamp                = {2016.04.21}
}

@Article{pepe2008comments,
  Title                    = {Comments on `{E}valuating the added predictive ability of a new marker: From area under the {ROC} curve to reclassification and beyond' by {MJ} {P}encina et al., Statistics in Medicine},
  Author                   = {Pepe, MS and Feng, Z and Gu, JW},
  Journal                  = {Statistics in Medicine},
  Year                     = {2008},
  Number                   = {2},
  Pages                    = {173--181},
  Volume                   = {27},

  Date-added               = {2016-01-23 22:13:36 +0000},
  Date-modified            = {2016-01-23 22:13:36 +0000},
  Owner                    = {myang5},
  Publisher                = {Wiley Online Library},
  Timestamp                = {2016.04.21}
}

@InProceedings{plummer2003jags,
  Title                    = {JAGS: A program for analysis of Bayesian graphical models using Gibbs sampling},
  Author                   = {Plummer, M.},
  Booktitle                = {Proceedings of the 3rd International Workshop on Distributed Statistical Computing},
  Year                     = {2003},
  Pages                    = {125},
  Volume                   = {124},

  Date-added               = {2014-10-27 14:17:42 +0000},
  Date-modified            = {2016-11-11 06:58:19 +0000}
}

@Article{rizopoulos2011dynamic,
  Title                    = {Dynamic Predictions and Prospective Accuracy in Joint Models for Longitudinal and Time-to-Event Data},
  Author                   = {Rizopoulos, Dimitris},
  Journal                  = {Biometrics},
  Year                     = {2011},
  Number                   = {3},
  Pages                    = {819--829},
  Volume                   = {67},

  Date-added               = {2015-01-15 23:19:40 +0000},
  Date-modified            = {2015-01-15 23:19:40 +0000},
  Owner                    = {myang5},
  Publisher                = {Wiley Online Library},
  Timestamp                = {2016.04.21}
}

@Article{rodriguez2014systolic,
  Title                    = {Systolic blood pressure levels among adults with hypertension and incident cardiovascular events: the atherosclerosis risk in communities study},
  Author                   = {Rodriguez, Carlos J and Swett, Katrina and Agarwal, Sunil K and Folsom, Aaron R and Fox, Ervin R and Loehr, Laura R and Ni, Hanyu and Rosamond, Wayne D and Chang, Patricia P},
  Journal                  = {JAMA internal medicine},
  Year                     = {2014},
  Number                   = {8},
  Pages                    = {1252--1261},
  Volume                   = {174},

  Date-added               = {2016-09-25 21:38:39 +0000},
  Date-modified            = {2016-09-25 21:38:39 +0000},
  Publisher                = {American Medical Association}
}

@Article{self1992modeling,
  Title                    = {Modeling a marker of disease progression and onset of disease},
  Author                   = {Self, Steve and Pawitan, Yudi},
  Journal                  = {{AIDS} Epidemiology},
  Year                     = {1992},
  Pages                    = {231--255},

  Booktitle                = {AIDS Epidemiology},
  Owner                    = {myang5},
  Publisher                = {Springer},
  Timestamp                = {2016.04.21}
}

@Article{taylor2013real,
  Title                    = {Real-time individual predictions of prostate cancer recurrence using joint models},
  Author                   = {Taylor, Jeremy MG and Park, Yongseok and Ankerst, Donna P and Proust-Lima, Cecile and Williams, Scott and Kestin, Larry and Bae, Kyoungwha and Pickles, Tom and Sandler, Howard},
  Journal                  = {Biometrics},
  Year                     = {2013},
  Number                   = {1},
  Pages                    = {206--213},
  Volume                   = {69},

  Date-added               = {2015-01-15 23:21:15 +0000},
  Date-modified            = {2015-01-15 23:21:15 +0000},
  Owner                    = {myang5},
  Publisher                = {Wiley Online Library},
  Timestamp                = {2016.04.21}
}

@Article{aric1989atherosclerosis,
  Title                    = {The Atherosclerosis Risk in Community ({ARIC}) Study: Design and objectwes},
  Author                   = {{The ARIC investigators}},
  Journal                  = {American journal of epidemiology},
  Year                     = {1989},
  Number                   = {4},
  Pages                    = {687--702},
  Volume                   = {129},

  Date-added               = {2016-09-12 03:56:16 +0000},
  Date-modified            = {2016-09-12 04:06:49 +0000},
  Publisher                = {Oxford Univ Press}
}

@Article{tsiatis1995modeling,
  Title                    = {Modeling the relationship of survival to longitudinal data measured with error. {A}pplications to survival and {CD4} counts in patients with {AIDS}},
  Author                   = {Tsiatis, AA and Degruttola, Victor and Wulfsohn, MS},
  Journal                  = {Journal of the American Statistical Association},
  Year                     = {1995},
  Number                   = {429},
  Pages                    = {27--37},
  Volume                   = {90},

  Date-added               = {2015-01-15 21:55:38 +0000},
  Date-modified            = {2015-01-15 21:55:38 +0000},
  Owner                    = {myang5},
  Publisher                = {Taylor \& Francis Group},
  Timestamp                = {2016.04.21}
}

@Article{wattanakit2005risk,
  Title                    = {Risk factors for cardiovascular event recurrence in the Atherosclerosis Risk in Communities ({ARIC}) study},
  Author                   = {Wattanakit, Keattiyoat and Folsom, Aaron R and Chambless, Lloyd E and Nieto, F Javier},
  Journal                  = {American heart journal},
  Year                     = {2005},
  Number                   = {4},
  Pages                    = {606--612},
  Volume                   = {149},

  Date-added               = {2016-09-12 04:49:34 +0000},
  Date-modified            = {2016-09-12 04:49:34 +0000},
  Publisher                = {Elsevier}
}

@Article{wulfsohn1997joint,
  Title                    = {A joint model for survival and longitudinal data measured with error.},
  Author                   = {Wulfsohn, MS and Tsiatis, AA},
  Journal                  = {Biometrics},
  Year                     = {1997},
  Number                   = {1},
  Pages                    = {330--339},
  Volume                   = {53},

  Owner                    = {MYang5},
  Timestamp                = {2016.11.11}
}

@Article{xu2001joint,
  Title                    = {Joint analysis of longitudinal data comprising repeated measures and times to events},
  Author                   = {Xu, Jane and Zeger, Scott L},
  Journal                  = {Journal of the Royal Statistical Society: Series C (Applied Statistics)},
  Year                     = {2001},
  Number                   = {3},
  Pages                    = {375--387},
  Volume                   = {50},

  Date-added               = {2015-01-15 22:51:07 +0000},
  Date-modified            = {2015-01-15 22:51:07 +0000},
  Owner                    = {myang5},
  Publisher                = {Wiley Online Library},
  Timestamp                = {2016.04.21}
}

@Article{yang2015prediction,
  Title                    = {Prediction of coronary artery disease risk based on multiple longitudinal biomarkers.},
  Author                   = {Yang, L and Yu, M and Gao, S},
  Journal                  = {Statistics in medicine},
  Year                     = {2016},
  Number                   = {8},
  Pages                    = {1299--1314},
  Volume                   = {35},

  Date-added               = {2016-11-11 06:51:44 +0000},
  Date-modified            = {2016-11-11 06:51:44 +0000}
}

@Article{yu2001bayesian,
  Title                    = {Bayesian quantile regression},
  Author                   = {Yu, Keming and Moyeed, Rana A},
  Journal                  = {Statistics \& Probability Letters},
  Year                     = {2001},
  Number                   = {4},
  Pages                    = {437--447},
  Volume                   = {54},

  Date-added               = {2014-10-27 14:17:42 +0000},
  Date-modified            = {2014-10-27 14:17:42 +0000},
  Owner                    = {myang5},
  Publisher                = {Elsevier},
  Timestamp                = {2016.04.21}
}

@Article{zheng2013adopting,
  Title                    = {Adopting nested case--control quota sampling designs for the evaluation of risk markers},
  Author                   = {Zheng, Yingye and Cai, Tianxi and Pepe, Margaret S},
  Journal                  = {Lifetime Data Analysis},
  Year                     = {2013},
  Number                   = {4},
  Pages                    = {568--588},
  Volume                   = {19},

  Date-added               = {2016-01-23 21:26:07 +0000},
  Date-modified            = {2016-01-23 21:26:07 +0000},
  Owner                    = {myang5},
  Publisher                = {Springer},
  Timestamp                = {2016.04.21}
}

