% This file was created with JabRef 2.10.
% Encoding: Cp1252


@Article{brown2005flexible,
  Title                    = {A Flexible B-Spline Model for Multiple Longitudinal Biomarkers and Survival},
  Author                   = {Brown, Elizabeth R and Ibrahim, Joseph G and DeGruttola, Victor},
  Journal                  = {Biometrics},
  Year                     = {2005},
  Number                   = {1},
  Pages                    = {64--73},
  Volume                   = {61},

  Date-added               = {2015-01-15 23:06:13 +0000},
  Date-modified            = {2015-01-15 23:06:13 +0000},
  Owner                    = {myang5},
  Publisher                = {Wiley Online Library},
  Timestamp                = {2016.04.21}
}

@Article{collins2015new,
  Title                    = {A new initiative on precision medicine},
  Author                   = {Collins, Francis S and Varmus, Harold},
  Journal                  = {New England Journal of Medicine},
  Year                     = {2015},
  Number                   = {9},
  Pages                    = {793--795},
  Volume                   = {372},

  Owner                    = {MYang5},
  Publisher                = {Mass Medical Soc},
  Timestamp                = {2016.10.26}
}

@Article{efendi2013joint,
  Title                    = {A joint model for longitudinal continuous and time-to-event outcomes with direct marginal interpretation},
  Author                   = {Efendi, Achmad and Molenberghs, Geert and Njagi, Edmund Njeru and Dendale, Paul},
  Journal                  = {Biometrical Journal},
  Year                     = {2013},
  Number                   = {4},
  Pages                    = {572--588},
  Volume                   = {55},

  Owner                    = {MYang5},
  Publisher                = {Wiley Online Library},
  Timestamp                = {2016.10.19}
}

@Article{elashoff2008joint,
  Title                    = {A joint model for longitudinal measurements and survival data in the presence of multiple failure types},
  Author                   = {Elashoff, Robert M and Li, Gang and Li, Ning},
  Journal                  = {Biometrics},
  Year                     = {2008},
  Number                   = {3},
  Pages                    = {762--771},
  Volume                   = {64},

  Date-added               = {2015-01-15 23:08:57 +0000},
  Date-modified            = {2015-01-15 23:08:57 +0000},
  Owner                    = {myang5},
  Publisher                = {Wiley Online Library},
  Timestamp                = {2016.04.21}
}

@Article{farcomeni2015longitudinal,
  Title                    = {Longitudinal quantile regression in the presence of informative dropout through longitudinal--survival joint modeling},
  Author                   = {Farcomeni, Alessio and Viviani, Sara},
  Journal                  = {Statistics in Medicine},
  Year                     = {2015},
  Number                   = {7},
  Pages                    = {1199--1213},
  Volume                   = {34},

  Owner                    = {MYang5},
  Publisher                = {Wiley Online Library},
  Timestamp                = {2016.02.09}
}

@Misc{us2013paving,
  Title                    = {Paving the Way for Personalized Medicine. {FDA}'s Role in a new Era of Medical Product Development.},

  Author                   = {FDA},
  Year                     = {2013},

  Date-added               = {2015-02-28 03:32:53 +0000},
  Date-modified            = {2015-02-28 03:32:53 +0000},
  Owner                    = {myang5},
  Publisher                = {US Department of Health and Human Services DC, USA},
  Timestamp                = {2016.04.21}
}

@Article{fu2012quantile,
  Title                    = {Quantile regression for longitudinal data with a working correlation model},
  Author                   = {Fu, Liya and Wang, You-Gan},
  Journal                  = {Computational Statistics \& Data Analysis},
  Year                     = {2012},
  Number                   = {8},
  Pages                    = {2526--2538},
  Volume                   = {56},

  Date-added               = {2014-10-27 14:17:42 +0000},
  Date-modified            = {2014-10-27 14:17:42 +0000},
  Owner                    = {myang5},
  Publisher                = {Elsevier},
  Timestamp                = {2016.04.21}
}

@Article{geraci2007quantile,
  Title                    = {Quantile regression for longitudinal data using the asymmetric Laplace distribution},
  Author                   = {Geraci, Marco and Bottai, Matteo},
  Journal                  = {Biostatistics},
  Year                     = {2007},
  Number                   = {1},
  Pages                    = {140--154},
  Volume                   = {8},

  Date-added               = {2014-10-27 14:17:42 +0000},
  Date-modified            = {2014-10-27 14:17:42 +0000},
  Owner                    = {myang5},
  Publisher                = {Biometrika Trust},
  Timestamp                = {2016.04.21}
}

@Article{henderson2000joint,
  Title                    = {Joint modelling of longitudinal measurements and event time data},
  Author                   = {Henderson, Robin and Diggle, Peter and Dobson, Angela},
  Journal                  = {Biostatistics},
  Year                     = {2000},
  Number                   = {4},
  Pages                    = {465--480},
  Volume                   = {1},

  Owner                    = {MYang5},
  Publisher                = {Biometrika Trust},
  Timestamp                = {2016.08.17}
}

@Article{jung1996quasi,
  Title                    = {Quasi-likelihood for median regression models},
  Author                   = {Jung, Sin-Ho},
  Journal                  = {Journal of the American Statistical Association},
  Year                     = {1996},
  Number                   = {433},
  Pages                    = {251--257},
  Volume                   = {91},

  Date-added               = {2014-10-27 14:17:42 +0000},
  Date-modified            = {2014-10-27 14:17:42 +0000},
  Owner                    = {myang5},
  Publisher                = {Taylor \& Francis},
  Timestamp                = {2016.04.21}
}

@Article{kim2012joint,
  Title                    = {Joint models of longitudinal data and recurrent events with informative terminal event},
  Author                   = {Kim, Sehee and Zeng, Donglin and Chambless, Lloyd and Li, Yi},
  Journal                  = {Statistics in biosciences},
  Year                     = {2012},
  Number                   = {2},
  Pages                    = {262--281},
  Volume                   = {4},

  Owner                    = {MYang5},
  Publisher                = {Springer},
  Timestamp                = {2016.08.17}
}

@Book{koenker2005quantile,
  Title                    = {Quantile Regression},
  Author                   = {Koenker, Roger},
  Publisher                = {Cambridge University Press},
  Year                     = {2005},

  Date-added               = {2014-10-27 14:17:42 +0000},
  Date-modified            = {2016-11-11 04:23:02 +0000},
  Owner                    = {myang5},
  Timestamp                = {2016.04.21}
}

@Article{koenker1978regression,
  Title                    = {Regression Quantiles},
  Author                   = {Koenker, Roger and Basset, G},
  Journal                  = {Econometrica},
  Year                     = {1978},
  Number                   = {1},
  Pages                    = {33--50},
  Volume                   = {46},

  Date-added               = {2016-11-11 07:12:07 +0000},
  Date-modified            = {2016-11-11 07:12:07 +0000}
}

@Article{koenker2001quantile,
  Title                    = {Quantile regression: An introduction},
  Author                   = {Koenker, Roger and Hallock, Kevin},
  Journal                  = {Journal of Economic Perspectives},
  Year                     = {2001},
  Number                   = {4},
  Pages                    = {43--56},
  Volume                   = {15},

  Date-added               = {2015-02-05 04:09:49 +0000},
  Date-modified            = {2015-02-05 04:09:49 +0000},
  Owner                    = {myang5},
  Timestamp                = {2016.03.21}
}

@Article{koenker1999goodness,
  Title                    = {Goodness of fit and related inference processes for quantile regression},
  Author                   = {Koenker, Roger and Machado, Jose AF},
  Journal                  = {Journal of the American Statistical Association},
  Year                     = {1999},
  Number                   = {448},
  Pages                    = {1296--1310},
  Volume                   = {94},

  Date-added               = {2014-10-27 14:17:42 +0000},
  Date-modified            = {2014-10-27 14:17:42 +0000},
  Owner                    = {myang5},
  Publisher                = {Taylor \& Francis Group},
  Timestamp                = {2016.04.21}
}

@Book{kotz2001laplace,
  Title                    = {The Laplace distribution and generalizations: a revisit with applications to communications, economics, engineering, and finance},
  Author                   = {Kotz, Samuel and Kozubowski, Tomasz and Podgorski, Krzysztof},
  Publisher                = {Springer Science \& Business Media},
  Year                     = {2012},

  Date-added               = {2016-11-11 07:03:54 +0000},
  Date-modified            = {2016-11-11 07:03:54 +0000}
}

@Article{kozumi2011gibbs,
  Title                    = {Gibbs sampling methods for Bayesian quantile regression},
  Author                   = {Kozumi, Hideo and Kobayashi, Genya},
  Journal                  = {Journal of Statistical Computation and Simulation},
  Year                     = {2011},
  Number                   = {11},
  Pages                    = {1565--1578},
  Volume                   = {81},

  Date-added               = {2014-10-27 14:17:42 +0000},
  Date-modified            = {2014-10-27 14:17:42 +0000},
  Owner                    = {myang5},
  Publisher                = {Taylor \& Francis},
  Timestamp                = {2016.04.21}
}

@Article{laird1982random,
  Title                    = {Random-effects models for longitudinal data.},
  Author                   = {Laird, NM and Ware, JH},
  Journal                  = {Biometrics},
  Year                     = {1982},
  Number                   = {4},
  Pages                    = {963--974},
  Volume                   = {38},

  Owner                    = {MYang5},
  Timestamp                = {2016.11.11}
}

@Article{luo2012bayesian,
  Title                    = {Bayesian quantile regression for longitudinal data models},
  Author                   = {Luo, Youxi and Lian, Heng and Tian, Maozai},
  Journal                  = {Journal of Statistical Computation and Simulation},
  Year                     = {2012},
  Number                   = {11},
  Pages                    = {1635--1649},
  Volume                   = {82},

  Date-added               = {2014-10-27 14:17:42 +0000},
  Date-modified            = {2014-10-27 14:17:42 +0000},
  Owner                    = {myang5},
  Publisher                = {Taylor \& Francis},
  Timestamp                = {2016.04.21}
}

@Article{pepe2008comments,
  Title                    = {Comments on `{E}valuating the added predictive ability of a new marker: From area under the {ROC} curve to reclassification and beyond' by {MJ} {P}encina et al., Statistics in Medicine},
  Author                   = {Pepe, MS and Feng, Z and Gu, JW},
  Journal                  = {Statistics in Medicine},
  Year                     = {2008},
  Number                   = {2},
  Pages                    = {173--181},
  Volume                   = {27},

  Date-added               = {2016-01-23 22:13:36 +0000},
  Date-modified            = {2016-01-23 22:13:36 +0000},
  Owner                    = {myang5},
  Publisher                = {Wiley Online Library},
  Timestamp                = {2016.04.21}
}

@InProceedings{plummer2003jags,
  Title                    = {JAGS: A program for analysis of Bayesian graphical models using Gibbs sampling},
  Author                   = {Plummer, M.},
  Booktitle                = {Proceedings of the 3rd International Workshop on Distributed Statistical Computing},
  Year                     = {2003},
  Pages                    = {125},
  Volume                   = {124},

  Date-added               = {2014-10-27 14:17:42 +0000},
  Date-modified            = {2016-11-11 06:58:19 +0000}
}

@Article{rizopoulos2011dynamic,
  Title                    = {Dynamic Predictions and Prospective Accuracy in Joint Models for Longitudinal and Time-to-Event Data},
  Author                   = {Rizopoulos, Dimitris},
  Journal                  = {Biometrics},
  Year                     = {2011},
  Number                   = {3},
  Pages                    = {819--829},
  Volume                   = {67},

  Date-added               = {2015-01-15 23:19:40 +0000},
  Date-modified            = {2015-01-15 23:19:40 +0000},
  Owner                    = {myang5},
  Publisher                = {Wiley Online Library},
  Timestamp                = {2016.04.21}
}

@Article{rizopoulos2011bayesian,
  Title                    = {A {B}ayesian semiparametric multivariate joint model for multiple longitudinal outcomes and a time-to-event},
  Author                   = {Rizopoulos, Dimitris and Ghosh, Pulak},
  Journal                  = {Statistics in medicine},
  Year                     = {2011},
  Number                   = {12},
  Pages                    = {1366--1380},
  Volume                   = {30},

  Date-added               = {2014-10-27 14:17:42 +0000},
  Date-modified            = {2014-10-27 14:17:42 +0000},
  Owner                    = {myang5},
  Publisher                = {Wiley Online Library},
  Timestamp                = {2016.04.21}
}

@Article{self1992modeling,
  Title                    = {Modeling a marker of disease progression and onset of disease},
  Author                   = {Self, Steve and Pawitan, Yudi},
  Journal                  = {{AIDS} Epidemiology},
  Year                     = {1992},
  Pages                    = {231--255},

  Booktitle                = {AIDS Epidemiology},
  Owner                    = {myang5},
  Publisher                = {Springer},
  Timestamp                = {2016.04.21}
}

@Article{taylor2013real,
  Title                    = {Real-time individual predictions of prostate cancer recurrence using joint models},
  Author                   = {Taylor, Jeremy MG and Park, Yongseok and Ankerst, Donna P and Proust-Lima, Cecile and Williams, Scott and Kestin, Larry and Bae, Kyoungwha and Pickles, Tom and Sandler, Howard},
  Journal                  = {Biometrics},
  Year                     = {2013},
  Number                   = {1},
  Pages                    = {206--213},
  Volume                   = {69},

  Date-added               = {2015-01-15 23:21:15 +0000},
  Date-modified            = {2015-01-15 23:21:15 +0000},
  Owner                    = {myang5},
  Publisher                = {Wiley Online Library},
  Timestamp                = {2016.04.21}
}

@Article{tsiatis2004joint,
  Title                    = {Joint modeling of longitudinal and time-to-event data: an overview},
  Author                   = {Tsiatis, Anastasios A and Davidian, Marie},
  Journal                  = {Statistica Sinica},
  Year                     = {2004},
  Number                   = {3},
  Pages                    = {809--834},
  Volume                   = {14},

  Owner                    = {myang5},
  Publisher                = {C/O DR HC HO, INST STATISTICAL SCIENCE, ACADEMIA SINICA, TAIPEI 115, TAIWAN},
  Timestamp                = {2016.04.21}
}

@Article{tsiatis1995modeling,
  Title                    = {Modeling the relationship of survival to longitudinal data measured with error. {A}pplications to survival and {CD4} counts in patients with {AIDS}},
  Author                   = {Tsiatis, AA and Degruttola, Victor and Wulfsohn, MS},
  Journal                  = {Journal of the American Statistical Association},
  Year                     = {1995},
  Number                   = {429},
  Pages                    = {27--37},
  Volume                   = {90},

  Date-added               = {2015-01-15 21:55:38 +0000},
  Date-modified            = {2015-01-15 21:55:38 +0000},
  Owner                    = {myang5},
  Publisher                = {Taylor \& Francis Group},
  Timestamp                = {2016.04.21}
}

@Article{wulfsohn1997joint,
  Title                    = {A joint model for survival and longitudinal data measured with error.},
  Author                   = {Wulfsohn, MS and Tsiatis, AA},
  Journal                  = {Biometrics},
  Year                     = {1997},
  Number                   = {1},
  Pages                    = {330--339},
  Volume                   = {53},

  Owner                    = {MYang5},
  Timestamp                = {2016.11.11}
}

@Article{yang2015prediction,
  Title                    = {Prediction of coronary artery disease risk based on multiple longitudinal biomarkers.},
  Author                   = {Yang, L and Yu, M and Gao, S},
  Journal                  = {Statistics in medicine},
  Year                     = {2016},
  Number                   = {8},
  Pages                    = {1299--1314},
  Volume                   = {35},

  Date-added               = {2016-11-11 06:51:16 +0000},
  Date-modified            = {2016-11-11 06:51:16 +0000}
}

@Article{yu2001bayesian,
  Title                    = {Bayesian quantile regression},
  Author                   = {Yu, Keming and Moyeed, Rana A},
  Journal                  = {Statistics \& Probability Letters},
  Year                     = {2001},
  Number                   = {4},
  Pages                    = {437--447},
  Volume                   = {54},

  Date-added               = {2014-10-27 14:17:42 +0000},
  Date-modified            = {2014-10-27 14:17:42 +0000},
  Owner                    = {myang5},
  Publisher                = {Elsevier},
  Timestamp                = {2016.04.21}
}

@Article{zheng2013adopting,
  Title                    = {Adopting nested case--control quota sampling designs for the evaluation of risk markers},
  Author                   = {Zheng, Yingye and Cai, Tianxi and Pepe, Margaret S},
  Journal                  = {Lifetime Data Analysis},
  Year                     = {2013},
  Number                   = {4},
  Pages                    = {568--588},
  Volume                   = {19},

  Date-added               = {2016-01-23 21:26:07 +0000},
  Date-modified            = {2016-01-23 21:26:07 +0000},
  Owner                    = {myang5},
  Publisher                = {Springer},
  Timestamp                = {2016.04.21}
}

