%% This BibTeX bibliography file was created using BibDesk.
%% http://bibdesk.sourceforge.net/


%% Created for Ming Yang at 2017-09-14 22:57:49 -0700 


%% Saved with string encoding Unicode (UTF-8) 



@article{heagerty2000time,
	Author = {Heagerty, Patrick J and Lumley, Thomas and Pepe, Margaret S},
	Date-Added = {2017-08-21 00:06:32 +0000},
	Date-Modified = {2017-08-21 00:06:32 +0000},
	Journal = {Biometrics},
	Number = {2},
	Pages = {337--344},
	Publisher = {Wiley Online Library},
	Title = {Time-dependent ROC curves for censored survival data and a diagnostic marker},
	Volume = {56},
	Year = {2000}}

@article{bland1986statistical,
	Author = {Bland, J. M. and Altman, D. G.},
	Date-Added = {2015-02-16 14:52:35 +0000},
	Date-Modified = {2015-03-30 20:29:14 +0000},
	Journal = {The Lancet},
	Number = {8476},
	Owner = {MYang5},
	Pages = {307--310},
	Publisher = {Elsevier},
	Timestamp = {2016.11.16},
	Title = {Statistical methods for assessing agreement between two methods of clinical measurement},
	Volume = {327},
	Year = {1986}}

@article{brooks1998general,
	Author = {Brooks, Stephen P and Gelman, Andrew},
	Date-Modified = {2017-09-15 05:48:07 +0000},
	Journal = {J Comput Graph Stat},
	Number = {4},
	Owner = {MYang5},
	Pages = {434--455},
	Publisher = {Taylor \& Francis},
	Timestamp = {2016.11.15},
	Title = {General methods for monitoring convergence of iterative simulations},
	Volume = {7},
	Year = {1998}}

@article{farcomeni2015longitudinal,
	Author = {Farcomeni, A. and Viviani, S.},
	Date-Modified = {2017-09-15 05:57:39 +0000},
	Journal = {Stat Med},
	Number = {7},
	Owner = {MYang5},
	Pages = {1199--1213},
	Publisher = {Wiley Online Library},
	Timestamp = {2016.02.09},
	Title = {Longitudinal quantile regression in the presence of informative dropout through longitudinal--survival joint modeling},
	Volume = {34},
	Year = {2015}}

@article{geraci2013linear,
	Author = {Geraci, Marco and Bottai, Matteo},
	Date-Added = {2016-11-11 07:04:32 +0000},
	Date-Modified = {2017-09-15 05:57:05 +0000},
	Journal = {Stat Comput},
	Number = {3},
	Owner = {MYang5},
	Pages = {461--479},
	Publisher = {Springer},
	Timestamp = {2016.11.16},
	Title = {Linear quantile mixed models},
	Volume = {24},
	Year = {2014}}

@article{geraci2007quantile,
	Author = {Geraci, M. and Bottai, M.},
	Date-Added = {2014-10-27 14:17:42 +0000},
	Date-Modified = {2014-10-27 14:17:42 +0000},
	Journal = {Biostatistics},
	Number = {1},
	Owner = {MYang5},
	Pages = {140--154},
	Publisher = {Biometrika Trust},
	Timestamp = {2016.11.16},
	Title = {Quantile regression for longitudinal data using the asymmetric Laplace distribution},
	Volume = {8},
	Year = {2007}}

@book{koenker2005quantile,
	Author = {Koenker, R.},
	Date-Added = {2014-10-27 14:17:42 +0000},
	Date-Modified = {2014-10-27 14:17:42 +0000},
	Owner = {MYang5},
	Publisher = {Cambridge University Press},
	Timestamp = {2016.11.16},
	Title = {Quantile Regression},
	Year = {2005}}

@article{koenker2004quantile,
	Author = {Koenker, R.},
	Date-Added = {2014-10-27 14:17:42 +0000},
	Date-Modified = {2017-09-15 05:53:03 +0000},
	Journal = {J Multivar Anal},
	Number = {1},
	Owner = {MYang5},
	Pages = {74--89},
	Publisher = {Elsevier},
	Timestamp = {2016.11.16},
	Title = {Quantile regression for longitudinal data},
	Volume = {91},
	Year = {2004}}

@article{koenker1978regression,
	Author = {Koenker, Roger and Basset, G},
	Date-Added = {2016-11-11 07:12:03 +0000},
	Date-Modified = {2016-11-11 07:12:03 +0000},
	Journal = {Econometrica},
	Number = {1},
	Owner = {MYang5},
	Pages = {33--50},
	Timestamp = {2016.11.16},
	Title = {Regression Quantiles},
	Volume = {46},
	Year = {1978}}

@article{koenker2001quantile,
	Author = {Koenker, R. and Hallock, K.},
	Date-Added = {2015-02-05 04:09:49 +0000},
	Date-Modified = {2017-09-15 05:49:15 +0000},
	Journal = {J Econ Perspect},
	Number = {4},
	Owner = {myang5},
	Pages = {43--56},
	Timestamp = {2016.03.21},
	Title = {Quantile regression: An introduction},
	Volume = {15},
	Year = {2001}}

@article{koenker1999goodness,
	Author = {Koenker, R. and Machado, J. A.},
	Date-Added = {2014-10-27 14:17:42 +0000},
	Date-Modified = {2017-09-15 05:48:43 +0000},
	Journal = {J Am Stat Assoc},
	Number = {448},
	Owner = {MYang5},
	Pages = {1296--1310},
	Publisher = {Taylor \& Francis Group},
	Timestamp = {2016.11.16},
	Title = {Goodness of fit and related inference processes for quantile regression},
	Volume = {94},
	Year = {1999}}

@book{kotz2001laplace,
	Author = {Kotz, Samuel and Kozubowski, Tomasz and Podgorski, Krzysztof},
	Date-Added = {2016-11-11 07:00:04 +0000},
	Date-Modified = {2016-11-11 07:02:26 +0000},
	Owner = {MYang5},
	Publisher = {Springer Science \& Business Media},
	Timestamp = {2016.11.16},
	Title = {The Laplace Distribution And Generalizations: A Revisit with Applications to Communications, Economics, Engineering, And Finance},
	Year = {2012}}

@article{kozumi2011gibbs,
	Author = {Kozumi, H. and Kobayashi, G.},
	Date-Added = {2014-10-27 14:17:42 +0000},
	Date-Modified = {2017-09-15 05:55:44 +0000},
	Journal = {J Stat Comput Simul},
	Number = {11},
	Owner = {MYang5},
	Pages = {1565--1578},
	Publisher = {Taylor \& Francis},
	Timestamp = {2016.11.16},
	Title = {Gibbs sampling methods for Bayesian quantile regression},
	Volume = {81},
	Year = {2011}}

@article{laird1982random,
	Author = {Laird, NM and Ware, JH},
	Journal = {Biometrics},
	Number = {4},
	Owner = {MYang5},
	Pages = {963--974},
	Timestamp = {2016.11.11},
	Title = {Random-effects models for longitudinal data.},
	Volume = {38},
	Year = {1982}}

@article{paulsen2006preparing,
	Author = {Paulsen, J. S. and Hayden, M. and Stout, J. C. and Langbehn, D. R. and Aylward, E. and Ross, C. A. and Guttman, M. and Nance, M. and Kieburtz, K. and Oakes, D. and others},
	Date-Modified = {2017-09-15 05:53:54 +0000},
	Journal = {Arch Neurol},
	Number = {6},
	Owner = {MYang5},
	Pages = {883--890},
	Publisher = {American Medical Association},
	Timestamp = {2016.01.11},
	Title = {Preparing for preventive clinical trials: the Predict-HD study},
	Volume = {63},
	Year = {2006}}

@article{paulsen2008detection,
	Author = {Paulsen, J. S. and Langbehn, D. R. and Stout, J. C. and Aylward, E. and Ross, C. A. and Nance, M. and Guttman, M. and Johnson, S. and MacDonald, M and Beglinger, L. J. and others},
	Date-Modified = {2017-09-15 05:54:25 +0000},
	Journal = {J Neurol Neurosurg Psychiatry},
	Number = {8},
	Owner = {MYang5},
	Pages = {874--880},
	Publisher = {BMJ Publishing Group Ltd},
	Timestamp = {2016.01.11},
	Title = {Detection of Huntington's disease decades before diagnosis: the Predict-HD study},
	Volume = {79},
	Year = {2008}}

@article{paulsen2014prediction,
	Author = {Paulsen, J. S. and Long, J. D. and Ross, C. A. and Harrington, D. L. and Erwin, C. J. and Williams, J. K. and Westervelt, H. J. and Johnson, H. J. and Aylward, E. H. and Zhang, Y. and others},
	Journal = {The Lancet Neurology},
	Number = {12},
	Owner = {MYang5},
	Pages = {1193--1201},
	Publisher = {Elsevier},
	Timestamp = {2016.01.11},
	Title = {Prediction of manifest Huntington's disease with clinical and imaging measures: a prospective observational study},
	Volume = {13},
	Year = {2014}}

@article{pepe2008comments,
	Author = {Pepe, M. S. and Feng, Z. and Gu, J. W.},
	Date-Added = {2016-01-23 22:13:36 +0000},
	Date-Modified = {2017-09-15 05:55:21 +0000},
	Journal = {Stat Med},
	Number = {2},
	Owner = {MYang5},
	Pages = {173--181},
	Publisher = {Wiley Online Library},
	Timestamp = {2016.11.16},
	Title = {Comments on `Evaluating the added predictive ability of a new marker: From area under the ROC curve to reclassification and beyond'by MJ Pencina et al., Statistics in Medicine},
	Volume = {27},
	Year = {2008}}

@inproceedings{plummer2003jags,
	Author = {Plummer, Martyn},
	Booktitle = {Proceedings of the 3rd international workshop on distributed statistical computing},
	Organization = {Vienna},
	Owner = {MYang5},
	Pages = {125},
	Timestamp = {2016.11.16},
	Title = {JAGS: A program for analysis of Bayesian graphical models using Gibbs sampling},
	Volume = {124},
	Year = {2003}}

@article{rizopoulos2011dynamic,
	Author = {Rizopoulos, D.},
	Date-Added = {2015-01-15 23:19:40 +0000},
	Date-Modified = {2015-01-15 23:19:40 +0000},
	Journal = {Biometrics},
	Number = {3},
	Owner = {MYang5},
	Pages = {819--829},
	Publisher = {Wiley Online Library},
	Timestamp = {2016.11.16},
	Title = {Dynamic predictions and prospective accuracy in joint models for longitudinal and time-to-event data},
	Volume = {67},
	Year = {2011}}

@article{rizopoulos2014combining,
	Author = {Rizopoulos, D. and Hatfield, L. A. and Carlin, B. P. and Takkenberg, J. J. M.},
	Date-Modified = {2017-09-15 05:57:31 +0000},
	Journal = {J Am Stat Assoc},
	Number = {508},
	Owner = {MYang5},
	Pages = {1385--1397},
	Publisher = {Taylor \& Francis},
	Timestamp = {2016.11.16},
	Title = {Combining dynamic predictions from joint models for longitudinal and time-to-event data using Bayesian model averaging},
	Volume = {109},
	Year = {2014}}

@incollection{self1992modeling,
	Author = {Self, S. and Pawitan, Y.},
	Booktitle = {AIDS Epidemiology},
	Owner = {MYang5},
	Pages = {231--255},
	Publisher = {Springer},
	Timestamp = {2016.11.16},
	Title = {Modeling a marker of disease progression and onset of disease},
	Year = {1992}}

@article{taylor2013real,
	Author = {Taylor, J. M. G. and Park, Y. and Ankerst, D. P. and Proust-Lima, C. and Williams, S. and Kestin, L. and Bae, K. and Pickles, T. and Sandler, H.},
	Date-Added = {2015-01-15 23:21:15 +0000},
	Date-Modified = {2015-01-15 23:21:15 +0000},
	Journal = {Biometrics},
	Number = {1},
	Owner = {MYang5},
	Pages = {206--213},
	Publisher = {Wiley Online Library},
	Timestamp = {2016.11.16},
	Title = {Real-time individual predictions of prostate cancer recurrence using joint models},
	Volume = {69},
	Year = {2013}}

@article{tsiatis2004joint,
	Author = {Tsiatis, A. A. and Davidian, M.},
	Date-Modified = {2017-09-15 05:53:26 +0000},
	Journal = {Stat Sin},
	Number = {3},
	Owner = {MYang5},
	Pages = {809--834},
	Publisher = {C/O DR HC HO, INST STATISTICAL SCIENCE, ACADEMIA SINICA, TAIPEI 115, TAIWAN},
	Timestamp = {2016.11.16},
	Title = {Joint modeling of longitudinal and time-to-event data: an overview},
	Volume = {14},
	Year = {2004}}

@article{tsiatis1995modeling,
	Author = {Tsiatis, A. A. and Degruttola, V. and Wulfsohn, M. S.},
	Date-Added = {2015-01-15 21:55:38 +0000},
	Date-Modified = {2017-09-15 05:46:51 +0000},
	Journal = {J Am Stat Assoc.},
	Number = {429},
	Owner = {MYang5},
	Pages = {27--37},
	Publisher = {Taylor \& Francis Group},
	Timestamp = {2016.11.16},
	Title = {Modeling the relationship of survival to longitudinal data measured with error. Applications to survival and CD4 counts in patients with AIDS},
	Volume = {90},
	Year = {1995}}

@article{yang2015prediction,
	Author = {Yang, L and Yu, M and Gao, S},
	Date-Added = {2016-11-11 06:52:57 +0000},
	Date-Modified = {2017-09-15 05:57:44 +0000},
	Journal = {Stat Med},
	Number = {8},
	Owner = {MYang5},
	Pages = {1299--1314},
	Timestamp = {2016.11.16},
	Title = {Prediction of coronary artery disease risk based on multiple longitudinal biomarkers.},
	Volume = {35},
	Year = {2016}}

@article{yu2001bayesian,
	Author = {Yu, K. and Moyeed, R. A.},
	Date-Added = {2014-10-27 14:17:42 +0000},
	Date-Modified = {2014-10-27 14:17:42 +0000},
	Journal = {Statistics \& Probability Letters},
	Number = {4},
	Owner = {MYang5},
	Pages = {437--447},
	Publisher = {Elsevier},
	Timestamp = {2016.11.16},
	Title = {Bayesian quantile regression},
	Volume = {54},
	Year = {2001}}

@article{zheng2013adopting,
	Author = {Zheng, Y. and Cai, T. and Pepe, M. S.},
	Date-Added = {2016-01-23 21:26:07 +0000},
	Date-Modified = {2017-09-15 05:56:15 +0000},
	Journal = {Lifetime Data Anal},
	Number = {4},
	Owner = {MYang5},
	Pages = {568--588},
	Publisher = {Springer},
	Timestamp = {2016.11.16},
	Title = {Adopting nested case--control quota sampling designs for the evaluation of risk markers},
	Volume = {19},
	Year = {2013}}
